@Misc{link1,
  author = {Justin Butlion},
  title  = {An Introduction to Analytics for Ecommerce Websites},
  year   = {2015},
  url    = {https://blog.kissmetrics.com/intro-to-ecommerce-analytics},
}

@Misc{link2,
  author = {Wikipedia},
  title  = {E-commerce},
  year   = {2017},
  url    = {https://en.wikipedia.org/wiki/E-commerce},
}

@Misc{link3,
  author = {Tracey Wallace},
  title  = {Ecommerce Trends: 147 Stats Revealing How Modern Customers Shop in 2017},
  year   = {2017},
  url    = {https://www.bigcommerce.com/blog/ecommerce-trends/},
}

@Misc{link4,
  author = {Granner Smith},
  title  = {Big Data: Making It Big For E-Commerce Retailers},
  year   = {2017},
  url    = {http://www.digitalistmag.com/customer-experience/2017/04/28/big-data-making-it-big-for-e-commerce-retailers-05049637},
}

@Misc{link5,
  author = {Lacie Larschann},
  title  = {7 Powerful Applications of Machine Learning in E-Commerce},
  year   = {2017},
  url    = {https://www.granify.com/blog/powerful-applications-of-machine-learning-in-e-commerce},
}

@Misc{link6,
  author = {EILEEN MCNULTY},
  title  = {WHATâ€™S THE DIFFERENCE BETWEEN SUPERVISED AND UNSUPERVISED LEARNING?},
  year   = {2015},
  url    = {http://dataconomy.com/2015/01/whats-the-difference-between-supervised-and-unsupervised-learning/},
}

@Misc{link7,
  author = {Jason Brownlee},
  title  = {Supervised and Unsupervised Machine Learning Algorithms},
  year   = {2016},
  url    = {https://machinelearningmastery.com/supervised-and-unsupervised-machine-learning-algorithms/},
}

@Misc{link8,
  author = {Prashant Gupta},
  title  = {Decision Trees in Machine Learning},
  year   = {2017},
  url    = {https://towardsdatascience.com/decision-trees-in-machine-learning-641b9c4e8052},
}

@Misc{link9,
  author = {Sunil Ray},
  title  = {Understanding Support Vector Machine algorithm from examples (along with code)},
  year   = {2017},
  url    = {https://www.analyticsvidhya.com/blog/2017/09/understaing-support-vector-machine-example-code/},
}

@Misc{link10,
  author = {Medcalc},
  title  = {Logistic Regression},
  year   = {2017},
  url    = {https://www.medcalc.org/manual/logistic_regression.php},
}

@Misc{link111,
  author = {Wikipedia},
  title  = {Multinomial logistic regression},
  year   = {2017},
  url    = {https://en.wikipedia.org/wiki/Multinomial_logistic_regression},
}

@Misc{link11,
  author = {Saravanan Thirumuruganathan},
  title  = {A Detailed Introduction to K-Nearest Neighbor (KNN) Algorithm},
  year   = {2010},
  url    = {https://saravananthirumuruganathan.wordpress.com/2010/05/17/a-detailed-introduction-to-k-nearest-neighbor-knn-algorithm/},
}
 
@Misc{link12,
  author = {Saravanan Thirumuruganathan},
  title  = {A Detailed Introduction to K-Nearest Neighbor (KNN) Algorithm},
  year   = {2010},
  url    = {https://saravananthirumuruganathan.wordpress.com/2010/05/17/a-detailed-introduction-to-k-nearest-neighbor-knn-algorithm/},
}

@Misc{link13,
  author = {Jason Brownlee},
  title  = {https://machinelearningmastery.com/k-nearest-neighbors-for-machine-learning/},
  year   = {2016},
  url    = {https://machinelearningmastery.com/k-nearest-neighbors-for-machine-learning/},
}

@Misc{link14,
  author = {Leo Breiman and Adele Cutler},
  title  = {Random Forests Leo Breiman and Adele Cutler},
  year   = {2014},
  url    = {https://www.stat.berkeley.edu/~breiman/RandomForests/cc_home.htm},
}

@Misc{link15,
  author = {Antonino Ingargiola},
  title  = {What is the Jupyter Notebook?},
  year   = {2015},
  url    = {http://jupyter-notebook-beginner-guide.readthedocs.io/en/latest/what_is_jupyter.html}
}

@Misc{link16,
  author = {Jeff Schneider },
  title  = {Cross Validation},
  year   = {1997},
  url    = {https://www.cs.cmu.edu/~schneide/tut5/node42.html}
}
  
@Misc{link17,
  author = {Scott Fortmann-Roe},
  title  = {Understanding the Bias-Variance Tradeoff},
  year   = {2012},
  url    = {http://scott.fortmann-roe.com/docs/BiasVariance.html}
}

@Book{book,
  title     = {Thoughtful Machine Learning with Python},
  publisher = {Oreilly},
  year      = {2017},
  author    = {Mathhew kirk},
  address   = {Boston, USA}
}
  

  


